@misc{sifive-manual,
   author = "{\LaTeX} Team",
   title="{URL}s in {BibTeX} bibliographies",
   howpublished = "\url{http://www.tex.ac.uk/cgi-bin/texfaq2html?label=citeURL}",
   year = 2012
}